@misc{Discrete33:online,
  author = {numpy},
  title = {Discrete Fourier Transform (numpy.fft) â€” NumPy v1.19 Manual},
  howpublished = {\url{https://numpy.org/doc/stable/reference/routines.fft.html#module-numpy.fft}},
  note = {(Accessed on 01/26/2021)}
}